@article{njihovPaper,
 author = {Burkhardt, Stefan and K\"{a}rkk\"{a}inen, Juha},
 title = {Better Filtering with Gapped q-Grams},
 journal = {Fundam. Inf.},
 issue_date = {January 2003},
 volume = {56},
 number = {1-2},
 month = jan,
 year = {2003},
 issn = {0169-2968},
 pages = {51--70},
 numpages = {20},
 url = {http://dl.acm.org/citation.cfm?id=2370956.2370958},
 acmid = {2370958},
 publisher = {IOS Press},
 address = {Amsterdam, The Netherlands, The Netherlands},
} 
@article{biolinux,
  title={Open software for biologists: from famine to feast},
  author={Field, Dawn and Tiwari, Bela and Booth, Tim and Houten, Stewart and Swan, Dan and Bertrand, Nicolas and Thurston, Milo},
  journal={Nature biotechnology},
  volume={24},
  number={7},
  pages={801--803},
  year={2006},
  publisher={Nature Publishing Group}
}